@book{maxwell1892,
  author    = {J. Clerk Maxwell},
  title     = {A Treatise on Electricity and Magnetism},
  edition   = {3rd},
  volume    = {2},
  publisher = {Clarendon},
  year      = {1892},
  address   = {Oxford},
  pages     = {68--73}
}

@article{eason1955,
  author    = {G. Eason and B. Noble and I. N. Sneddon},
  title     = {On certain integrals of Lipschitz-Hankel type involving products of Bessel functions},
  journal   = {Phil. Trans. Roy. Soc. London},
  volume    = {A247},
  pages     = {529--551},
  year      = {1955},
  month     = apr
}

@misc{elissa,
  author    = {K. Elissa},
  title     = {Title of paper if known},
  note      = {unpublished}
}

@article{nicole,
  author    = {R. Nicole},
  title     = {Title of paper with only first word capitalized},
  note      = {in press}
}
 